%YAML 1.1
%TAG !u! tag:unity3d.com,2011:
--- !u!1 &2163260044934288145
GameObject:
  m_ObjectHideFlags: 0
  m_CorrespondingSourceObject: {fileID: 0}
  m_PrefabInstance: {fileID: 0}
  m_PrefabAsset: {fileID: 0}
  serializedVersion: 6
  m_Component:
  - component: {fileID: 7369443901451784238}
  - component: {fileID: 5156435711657694990}
  m_Layer: 5
  m_Name: paddiing
  m_TagString: Untagged
  m_Icon: {fileID: 0}
  m_NavMeshLayer: 0
  m_StaticEditorFlags: 0
  m_IsActive: 1
--- !u!224 &7369443901451784238
RectTransform:
  m_ObjectHideFlags: 0
  m_CorrespondingSourceObject: {fileID: 0}
  m_PrefabInstance: {fileID: 0}
  m_PrefabAsset: {fileID: 0}
  m_GameObject: {fileID: 2163260044934288145}
  m_LocalRotation: {x: -0, y: -0, z: -0, w: 1}
  m_LocalPosition: {x: 0, y: 0, z: 0}
  m_LocalScale: {x: 1, y: 1, z: 1}
  m_Children: []
  m_Father: {fileID: 5685806996199507394}
  m_RootOrder: 1
  m_LocalEulerAnglesHint: {x: 0, y: 0, z: 0}
  m_AnchorMin: {x: 0, y: 0}
  m_AnchorMax: {x: 0, y: 0}
  m_AnchoredPosition: {x: 0, y: 0}
  m_SizeDelta: {x: 0, y: 120}
  m_Pivot: {x: 0.5, y: 0.5}
--- !u!222 &5156435711657694990
CanvasRenderer:
  m_ObjectHideFlags: 0
  m_CorrespondingSourceObject: {fileID: 0}
  m_PrefabInstance: {fileID: 0}
  m_PrefabAsset: {fileID: 0}
  m_GameObject: {fileID: 2163260044934288145}
  m_CullTransparentMesh: 1
--- !u!1 &5701903662284043633
GameObject:
  m_ObjectHideFlags: 0
  m_CorrespondingSourceObject: {fileID: 0}
  m_PrefabInstance: {fileID: 0}
  m_PrefabAsset: {fileID: 0}
  serializedVersion: 6
  m_Component:
  - component: {fileID: 5685806996199507394}
  - component: {fileID: 6582447597292368081}
  - component: {fileID: 5869453153510816142}
  m_Layer: 5
  m_Name: StoreItemGroup
  m_TagString: Untagged
  m_Icon: {fileID: 0}
  m_NavMeshLayer: 0
  m_StaticEditorFlags: 0
  m_IsActive: 1
--- !u!224 &5685806996199507394
RectTransform:
  m_ObjectHideFlags: 0
  m_CorrespondingSourceObject: {fileID: 0}
  m_PrefabInstance: {fileID: 0}
  m_PrefabAsset: {fileID: 0}
  m_GameObject: {fileID: 5701903662284043633}
  m_LocalRotation: {x: -0, y: -0, z: -0, w: 1}
  m_LocalPosition: {x: 0, y: 0, z: 0}
  m_LocalScale: {x: 1, y: 1, z: 1}
  m_Children:
  - {fileID: 6434483791979739562}
  - {fileID: 7369443901451784238}
  - {fileID: 5329886060043450054}
  - {fileID: 2871547518175711248}
  - {fileID: 4773916873586679545}
  - {fileID: 6423389285157253437}
  - {fileID: 3316818153129126010}
  m_Father: {fileID: 0}
  m_RootOrder: 0
  m_LocalEulerAnglesHint: {x: 0, y: 0, z: 0}
  m_AnchorMin: {x: 0, y: 1}
  m_AnchorMax: {x: 1, y: 1}
  m_AnchoredPosition: {x: 0, y: -200}
  m_SizeDelta: {x: -320, y: 400}
  m_Pivot: {x: 0.5, y: 0.5}
--- !u!114 &6582447597292368081
MonoBehaviour:
  m_ObjectHideFlags: 0
  m_CorrespondingSourceObject: {fileID: 0}
  m_PrefabInstance: {fileID: 0}
  m_PrefabAsset: {fileID: 0}
  m_GameObject: {fileID: 5701903662284043633}
  m_Enabled: 1
  m_EditorHideFlags: 0
  m_Script: {fileID: 11500000, guid: 30649d3a9faa99c48a7b1166b86bf2a0, type: 3}
  m_Name: 
  m_EditorClassIdentifier: 
  m_Padding:
    m_Left: 0
    m_Right: 0
    m_Top: 50
    m_Bottom: 50
  m_ChildAlignment: 4
  m_Spacing: 70
  m_ChildForceExpandWidth: 0
  m_ChildForceExpandHeight: 0
  m_ChildControlWidth: 0
  m_ChildControlHeight: 0
  m_ChildScaleWidth: 0
  m_ChildScaleHeight: 0
  m_ReverseArrangement: 0
--- !u!114 &5869453153510816142
MonoBehaviour:
  m_ObjectHideFlags: 0
  m_CorrespondingSourceObject: {fileID: 0}
  m_PrefabInstance: {fileID: 0}
  m_PrefabAsset: {fileID: 0}
  m_GameObject: {fileID: 5701903662284043633}
  m_Enabled: 1
  m_EditorHideFlags: 0
  m_Script: {fileID: 11500000, guid: d1479ba6f36dae3478fd20fa0ab3f1b7, type: 3}
  m_Name: 
  m_EditorClassIdentifier: 
  _icon: {fileID: 1737689878643540412}
  _name:
  - {fileID: 1458434155840094889}
  - {fileID: 8796409966057743487}
  - {fileID: 2272828079337892502}
  - {fileID: 355396824905696594}
  - {fileID: 8344428539201936405}
  _image:
  - {fileID: 7972083434493877915}
  - {fileID: 39619545748355149}
  - {fileID: 7283821013339092644}
  - {fileID: 9111202064261945696}
  - {fileID: 671806062196588583}
  _price:
  - {fileID: 5837595223765123665}
  - {fileID: 4552307495636247687}
  - {fileID: 6536023604610148974}
  - {fileID: 4742488633563579818}
  - {fileID: 3959638539753200877}
--- !u!1 &7710203913171694636
GameObject:
  m_ObjectHideFlags: 0
  m_CorrespondingSourceObject: {fileID: 0}
  m_PrefabInstance: {fileID: 0}
  m_PrefabAsset: {fileID: 0}
  serializedVersion: 6
  m_Component:
  - component: {fileID: 6434483791979739562}
  - component: {fileID: 4013608258153970748}
  - component: {fileID: 1737689878643540412}
  m_Layer: 5
  m_Name: Icon
  m_TagString: Untagged
  m_Icon: {fileID: 0}
  m_NavMeshLayer: 0
  m_StaticEditorFlags: 0
  m_IsActive: 1
--- !u!224 &6434483791979739562
RectTransform:
  m_ObjectHideFlags: 0
  m_CorrespondingSourceObject: {fileID: 0}
  m_PrefabInstance: {fileID: 0}
  m_PrefabAsset: {fileID: 0}
  m_GameObject: {fileID: 7710203913171694636}
  m_LocalRotation: {x: -0, y: -0, z: -0, w: 1}
  m_LocalPosition: {x: 0, y: 0, z: 0}
  m_LocalScale: {x: 1, y: 1, z: 1}
  m_Children: []
  m_Father: {fileID: 5685806996199507394}
  m_RootOrder: 0
  m_LocalEulerAnglesHint: {x: 0, y: 0, z: 0}
  m_AnchorMin: {x: 0, y: 0}
  m_AnchorMax: {x: 0, y: 0}
  m_AnchoredPosition: {x: 0, y: 0}
  m_SizeDelta: {x: 120, y: 120}
  m_Pivot: {x: 0.5, y: 0.5}
--- !u!222 &4013608258153970748
CanvasRenderer:
  m_ObjectHideFlags: 0
  m_CorrespondingSourceObject: {fileID: 0}
  m_PrefabInstance: {fileID: 0}
  m_PrefabAsset: {fileID: 0}
  m_GameObject: {fileID: 7710203913171694636}
  m_CullTransparentMesh: 1
--- !u!114 &1737689878643540412
MonoBehaviour:
  m_ObjectHideFlags: 0
  m_CorrespondingSourceObject: {fileID: 0}
  m_PrefabInstance: {fileID: 0}
  m_PrefabAsset: {fileID: 0}
  m_GameObject: {fileID: 7710203913171694636}
  m_Enabled: 1
  m_EditorHideFlags: 0
  m_Script: {fileID: 11500000, guid: fe87c0e1cc204ed48ad3b37840f39efc, type: 3}
  m_Name: 
  m_EditorClassIdentifier: 
  m_Material: {fileID: 0}
  m_Color: {r: 1, g: 1, b: 1, a: 1}
  m_RaycastTarget: 1
  m_RaycastPadding: {x: 0, y: 0, z: 0, w: 0}
  m_Maskable: 1
  m_OnCullStateChanged:
    m_PersistentCalls:
      m_Calls: []
  m_Sprite: {fileID: 21300000, guid: 78edd69d9f2e6d44c981be106edfb146, type: 3}
  m_Type: 0
  m_PreserveAspect: 0
  m_FillCenter: 1
  m_FillMethod: 4
  m_FillAmount: 1
  m_FillClockwise: 1
  m_FillOrigin: 0
  m_UseSpriteMesh: 0
  m_PixelsPerUnitMultiplier: 1
--- !u!1001 &2493776723846624068
PrefabInstance:
  m_ObjectHideFlags: 0
  serializedVersion: 2
  m_Modification:
    m_TransformParent: {fileID: 5685806996199507394}
    m_Modifications:
    - target: {fileID: 378977431501366100, guid: 708dc324e91e2b540982a7d591d54205, type: 3}
      propertyPath: m_Pivot.x
      value: 0.5
      objectReference: {fileID: 0}
    - target: {fileID: 378977431501366100, guid: 708dc324e91e2b540982a7d591d54205, type: 3}
      propertyPath: m_Pivot.y
      value: 0.5
      objectReference: {fileID: 0}
    - target: {fileID: 378977431501366100, guid: 708dc324e91e2b540982a7d591d54205, type: 3}
      propertyPath: m_RootOrder
      value: 3
      objectReference: {fileID: 0}
    - target: {fileID: 378977431501366100, guid: 708dc324e91e2b540982a7d591d54205, type: 3}
      propertyPath: m_AnchorMax.x
      value: 0
      objectReference: {fileID: 0}
    - target: {fileID: 378977431501366100, guid: 708dc324e91e2b540982a7d591d54205, type: 3}
      propertyPath: m_AnchorMax.y
      value: 0
      objectReference: {fileID: 0}
    - target: {fileID: 378977431501366100, guid: 708dc324e91e2b540982a7d591d54205, type: 3}
      propertyPath: m_AnchorMin.x
      value: 0
      objectReference: {fileID: 0}
    - target: {fileID: 378977431501366100, guid: 708dc324e91e2b540982a7d591d54205, type: 3}
      propertyPath: m_AnchorMin.y
      value: 0
      objectReference: {fileID: 0}
    - target: {fileID: 378977431501366100, guid: 708dc324e91e2b540982a7d591d54205, type: 3}
      propertyPath: m_LocalPosition.x
      value: 0
      objectReference: {fileID: 0}
    - target: {fileID: 378977431501366100, guid: 708dc324e91e2b540982a7d591d54205, type: 3}
      propertyPath: m_LocalPosition.y
      value: 0
      objectReference: {fileID: 0}
    - target: {fileID: 378977431501366100, guid: 708dc324e91e2b540982a7d591d54205, type: 3}
      propertyPath: m_LocalPosition.z
      value: 0
      objectReference: {fileID: 0}
    - target: {fileID: 378977431501366100, guid: 708dc324e91e2b540982a7d591d54205, type: 3}
      propertyPath: m_LocalRotation.w
      value: 1
      objectReference: {fileID: 0}
    - target: {fileID: 378977431501366100, guid: 708dc324e91e2b540982a7d591d54205, type: 3}
      propertyPath: m_LocalRotation.x
      value: -0
      objectReference: {fileID: 0}
    - target: {fileID: 378977431501366100, guid: 708dc324e91e2b540982a7d591d54205, type: 3}
      propertyPath: m_LocalRotation.y
      value: -0
      objectReference: {fileID: 0}
    - target: {fileID: 378977431501366100, guid: 708dc324e91e2b540982a7d591d54205, type: 3}
      propertyPath: m_LocalRotation.z
      value: -0
      objectReference: {fileID: 0}
    - target: {fileID: 378977431501366100, guid: 708dc324e91e2b540982a7d591d54205, type: 3}
      propertyPath: m_AnchoredPosition.x
      value: 0
      objectReference: {fileID: 0}
    - target: {fileID: 378977431501366100, guid: 708dc324e91e2b540982a7d591d54205, type: 3}
      propertyPath: m_AnchoredPosition.y
      value: 0
      objectReference: {fileID: 0}
    - target: {fileID: 378977431501366100, guid: 708dc324e91e2b540982a7d591d54205, type: 3}
      propertyPath: m_LocalEulerAnglesHint.x
      value: 0
      objectReference: {fileID: 0}
    - target: {fileID: 378977431501366100, guid: 708dc324e91e2b540982a7d591d54205, type: 3}
      propertyPath: m_LocalEulerAnglesHint.y
      value: 0
      objectReference: {fileID: 0}
    - target: {fileID: 378977431501366100, guid: 708dc324e91e2b540982a7d591d54205, type: 3}
      propertyPath: m_LocalEulerAnglesHint.z
      value: -231
      objectReference: {fileID: 0}
    - target: {fileID: 1153694752397763525, guid: 708dc324e91e2b540982a7d591d54205, type: 3}
      propertyPath: m_AnchorMax.y
      value: 1
      objectReference: {fileID: 0}
    - target: {fileID: 1153694752397763525, guid: 708dc324e91e2b540982a7d591d54205, type: 3}
      propertyPath: m_AnchorMin.y
      value: 1
      objectReference: {fileID: 0}
    - target: {fileID: 1153694752397763525, guid: 708dc324e91e2b540982a7d591d54205, type: 3}
      propertyPath: m_AnchoredPosition.x
      value: 140
      objectReference: {fileID: 0}
    - target: {fileID: 1153694752397763525, guid: 708dc324e91e2b540982a7d591d54205, type: 3}
      propertyPath: m_AnchoredPosition.y
      value: -40
      objectReference: {fileID: 0}
    - target: {fileID: 1492402448514073644, guid: 708dc324e91e2b540982a7d591d54205, type: 3}
      propertyPath: m_AnchorMax.y
      value: 1
      objectReference: {fileID: 0}
    - target: {fileID: 1492402448514073644, guid: 708dc324e91e2b540982a7d591d54205, type: 3}
      propertyPath: m_AnchorMin.y
      value: 1
      objectReference: {fileID: 0}
    - target: {fileID: 1492402448514073644, guid: 708dc324e91e2b540982a7d591d54205, type: 3}
      propertyPath: m_AnchoredPosition.x
      value: 40
      objectReference: {fileID: 0}
    - target: {fileID: 1492402448514073644, guid: 708dc324e91e2b540982a7d591d54205, type: 3}
      propertyPath: m_AnchoredPosition.y
      value: -40
      objectReference: {fileID: 0}
    - target: {fileID: 4705848982362897025, guid: 708dc324e91e2b540982a7d591d54205, type: 3}
      propertyPath: m_Name
      value: StoreItem (1)
      objectReference: {fileID: 0}
    m_RemovedComponents: []
  m_SourcePrefab: {fileID: 100100000, guid: 708dc324e91e2b540982a7d591d54205, type: 3}
--- !u!114 &8796409966057743487 stripped
MonoBehaviour:
  m_CorrespondingSourceObject: {fileID: 6379503858272442171, guid: 708dc324e91e2b540982a7d591d54205, type: 3}
  m_PrefabInstance: {fileID: 2493776723846624068}
  m_PrefabAsset: {fileID: 0}
  m_GameObject: {fileID: 0}
  m_Enabled: 1
  m_EditorHideFlags: 0
  m_Script: {fileID: 11500000, guid: f4688fdb7df04437aeb418b961361dc5, type: 3}
  m_Name: 
  m_EditorClassIdentifier: 
--- !u!114 &39619545748355149 stripped
MonoBehaviour:
  m_CorrespondingSourceObject: {fileID: 2456552466343119625, guid: 708dc324e91e2b540982a7d591d54205, type: 3}
  m_PrefabInstance: {fileID: 2493776723846624068}
  m_PrefabAsset: {fileID: 0}
  m_GameObject: {fileID: 0}
  m_Enabled: 1
  m_EditorHideFlags: 0
  m_Script: {fileID: 11500000, guid: fe87c0e1cc204ed48ad3b37840f39efc, type: 3}
  m_Name: 
  m_EditorClassIdentifier: 
--- !u!114 &4552307495636247687 stripped
MonoBehaviour:
  m_CorrespondingSourceObject: {fileID: 2141082548728289219, guid: 708dc324e91e2b540982a7d591d54205, type: 3}
  m_PrefabInstance: {fileID: 2493776723846624068}
  m_PrefabAsset: {fileID: 0}
  m_GameObject: {fileID: 0}
  m_Enabled: 1
  m_EditorHideFlags: 0
  m_Script: {fileID: 11500000, guid: f4688fdb7df04437aeb418b961361dc5, type: 3}
  m_Name: 
  m_EditorClassIdentifier: 
--- !u!224 &2871547518175711248 stripped
RectTransform:
  m_CorrespondingSourceObject: {fileID: 378977431501366100, guid: 708dc324e91e2b540982a7d591d54205, type: 3}
  m_PrefabInstance: {fileID: 2493776723846624068}
  m_PrefabAsset: {fileID: 0}
--- !u!1001 &3118128657048226606
PrefabInstance:
  m_ObjectHideFlags: 0
  serializedVersion: 2
  m_Modification:
    m_TransformParent: {fileID: 5685806996199507394}
    m_Modifications:
    - target: {fileID: 378977431501366100, guid: 708dc324e91e2b540982a7d591d54205, type: 3}
      propertyPath: m_Pivot.x
      value: 0.5
      objectReference: {fileID: 0}
    - target: {fileID: 378977431501366100, guid: 708dc324e91e2b540982a7d591d54205, type: 3}
      propertyPath: m_Pivot.y
      value: 0.5
      objectReference: {fileID: 0}
    - target: {fileID: 378977431501366100, guid: 708dc324e91e2b540982a7d591d54205, type: 3}
      propertyPath: m_RootOrder
      value: 6
      objectReference: {fileID: 0}
    - target: {fileID: 378977431501366100, guid: 708dc324e91e2b540982a7d591d54205, type: 3}
      propertyPath: m_AnchorMax.x
      value: 0
      objectReference: {fileID: 0}
    - target: {fileID: 378977431501366100, guid: 708dc324e91e2b540982a7d591d54205, type: 3}
      propertyPath: m_AnchorMax.y
      value: 0
      objectReference: {fileID: 0}
    - target: {fileID: 378977431501366100, guid: 708dc324e91e2b540982a7d591d54205, type: 3}
      propertyPath: m_AnchorMin.x
      value: 0
      objectReference: {fileID: 0}
    - target: {fileID: 378977431501366100, guid: 708dc324e91e2b540982a7d591d54205, type: 3}
      propertyPath: m_AnchorMin.y
      value: 0
      objectReference: {fileID: 0}
    - target: {fileID: 378977431501366100, guid: 708dc324e91e2b540982a7d591d54205, type: 3}
      propertyPath: m_LocalPosition.x
      value: 0
      objectReference: {fileID: 0}
    - target: {fileID: 378977431501366100, guid: 708dc324e91e2b540982a7d591d54205, type: 3}
      propertyPath: m_LocalPosition.y
      value: 0
      objectReference: {fileID: 0}
    - target: {fileID: 378977431501366100, guid: 708dc324e91e2b540982a7d591d54205, type: 3}
      propertyPath: m_LocalPosition.z
      value: 0
      objectReference: {fileID: 0}
    - target: {fileID: 378977431501366100, guid: 708dc324e91e2b540982a7d591d54205, type: 3}
      propertyPath: m_LocalRotation.w
      value: 1
      objectReference: {fileID: 0}
    - target: {fileID: 378977431501366100, guid: 708dc324e91e2b540982a7d591d54205, type: 3}
      propertyPath: m_LocalRotation.x
      value: -0
      objectReference: {fileID: 0}
    - target: {fileID: 378977431501366100, guid: 708dc324e91e2b540982a7d591d54205, type: 3}
      propertyPath: m_LocalRotation.y
      value: -0
      objectReference: {fileID: 0}
    - target: {fileID: 378977431501366100, guid: 708dc324e91e2b540982a7d591d54205, type: 3}
      propertyPath: m_LocalRotation.z
      value: -0
      objectReference: {fileID: 0}
    - target: {fileID: 378977431501366100, guid: 708dc324e91e2b540982a7d591d54205, type: 3}
      propertyPath: m_AnchoredPosition.x
      value: 0
      objectReference: {fileID: 0}
    - target: {fileID: 378977431501366100, guid: 708dc324e91e2b540982a7d591d54205, type: 3}
      propertyPath: m_AnchoredPosition.y
      value: 0
      objectReference: {fileID: 0}
    - target: {fileID: 378977431501366100, guid: 708dc324e91e2b540982a7d591d54205, type: 3}
      propertyPath: m_LocalEulerAnglesHint.x
      value: 0
      objectReference: {fileID: 0}
    - target: {fileID: 378977431501366100, guid: 708dc324e91e2b540982a7d591d54205, type: 3}
      propertyPath: m_LocalEulerAnglesHint.y
      value: 0
      objectReference: {fileID: 0}
    - target: {fileID: 378977431501366100, guid: 708dc324e91e2b540982a7d591d54205, type: 3}
      propertyPath: m_LocalEulerAnglesHint.z
      value: -231
      objectReference: {fileID: 0}
    - target: {fileID: 1153694752397763525, guid: 708dc324e91e2b540982a7d591d54205, type: 3}
      propertyPath: m_AnchorMax.y
      value: 1
      objectReference: {fileID: 0}
    - target: {fileID: 1153694752397763525, guid: 708dc324e91e2b540982a7d591d54205, type: 3}
      propertyPath: m_AnchorMin.y
      value: 1
      objectReference: {fileID: 0}
    - target: {fileID: 1153694752397763525, guid: 708dc324e91e2b540982a7d591d54205, type: 3}
      propertyPath: m_AnchoredPosition.x
      value: 140
      objectReference: {fileID: 0}
    - target: {fileID: 1153694752397763525, guid: 708dc324e91e2b540982a7d591d54205, type: 3}
      propertyPath: m_AnchoredPosition.y
      value: -40
      objectReference: {fileID: 0}
    - target: {fileID: 1492402448514073644, guid: 708dc324e91e2b540982a7d591d54205, type: 3}
      propertyPath: m_AnchorMax.y
      value: 1
      objectReference: {fileID: 0}
    - target: {fileID: 1492402448514073644, guid: 708dc324e91e2b540982a7d591d54205, type: 3}
      propertyPath: m_AnchorMin.y
      value: 1
      objectReference: {fileID: 0}
    - target: {fileID: 1492402448514073644, guid: 708dc324e91e2b540982a7d591d54205, type: 3}
      propertyPath: m_AnchoredPosition.x
      value: 40
      objectReference: {fileID: 0}
    - target: {fileID: 1492402448514073644, guid: 708dc324e91e2b540982a7d591d54205, type: 3}
      propertyPath: m_AnchoredPosition.y
      value: -40
      objectReference: {fileID: 0}
    - target: {fileID: 4705848982362897025, guid: 708dc324e91e2b540982a7d591d54205, type: 3}
      propertyPath: m_Name
      value: StoreItem (4)
      objectReference: {fileID: 0}
    m_RemovedComponents: []
  m_SourcePrefab: {fileID: 100100000, guid: 708dc324e91e2b540982a7d591d54205, type: 3}
--- !u!224 &3316818153129126010 stripped
RectTransform:
  m_CorrespondingSourceObject: {fileID: 378977431501366100, guid: 708dc324e91e2b540982a7d591d54205, type: 3}
  m_PrefabInstance: {fileID: 3118128657048226606}
  m_PrefabAsset: {fileID: 0}
--- !u!114 &8344428539201936405 stripped
MonoBehaviour:
  m_CorrespondingSourceObject: {fileID: 6379503858272442171, guid: 708dc324e91e2b540982a7d591d54205, type: 3}
  m_PrefabInstance: {fileID: 3118128657048226606}
  m_PrefabAsset: {fileID: 0}
  m_GameObject: {fileID: 0}
  m_Enabled: 1
  m_EditorHideFlags: 0
  m_Script: {fileID: 11500000, guid: f4688fdb7df04437aeb418b961361dc5, type: 3}
  m_Name: 
  m_EditorClassIdentifier: 
--- !u!114 &671806062196588583 stripped
MonoBehaviour:
  m_CorrespondingSourceObject: {fileID: 2456552466343119625, guid: 708dc324e91e2b540982a7d591d54205, type: 3}
  m_PrefabInstance: {fileID: 3118128657048226606}
  m_PrefabAsset: {fileID: 0}
  m_GameObject: {fileID: 0}
  m_Enabled: 1
  m_EditorHideFlags: 0
  m_Script: {fileID: 11500000, guid: fe87c0e1cc204ed48ad3b37840f39efc, type: 3}
  m_Name: 
  m_EditorClassIdentifier: 
--- !u!114 &3959638539753200877 stripped
MonoBehaviour:
  m_CorrespondingSourceObject: {fileID: 2141082548728289219, guid: 708dc324e91e2b540982a7d591d54205, type: 3}
  m_PrefabInstance: {fileID: 3118128657048226606}
  m_PrefabAsset: {fileID: 0}
  m_GameObject: {fileID: 0}
  m_Enabled: 1
  m_EditorHideFlags: 0
  m_Script: {fileID: 11500000, guid: f4688fdb7df04437aeb418b961361dc5, type: 3}
  m_Name: 
  m_EditorClassIdentifier: 
--- !u!1001 &5116715817318743469
PrefabInstance:
  m_ObjectHideFlags: 0
  serializedVersion: 2
  m_Modification:
    m_TransformParent: {fileID: 5685806996199507394}
    m_Modifications:
    - target: {fileID: 378977431501366100, guid: 708dc324e91e2b540982a7d591d54205, type: 3}
      propertyPath: m_Pivot.x
      value: 0.5
      objectReference: {fileID: 0}
    - target: {fileID: 378977431501366100, guid: 708dc324e91e2b540982a7d591d54205, type: 3}
      propertyPath: m_Pivot.y
      value: 0.5
      objectReference: {fileID: 0}
    - target: {fileID: 378977431501366100, guid: 708dc324e91e2b540982a7d591d54205, type: 3}
      propertyPath: m_RootOrder
      value: 4
      objectReference: {fileID: 0}
    - target: {fileID: 378977431501366100, guid: 708dc324e91e2b540982a7d591d54205, type: 3}
      propertyPath: m_AnchorMax.x
      value: 0
      objectReference: {fileID: 0}
    - target: {fileID: 378977431501366100, guid: 708dc324e91e2b540982a7d591d54205, type: 3}
      propertyPath: m_AnchorMax.y
      value: 0
      objectReference: {fileID: 0}
    - target: {fileID: 378977431501366100, guid: 708dc324e91e2b540982a7d591d54205, type: 3}
      propertyPath: m_AnchorMin.x
      value: 0
      objectReference: {fileID: 0}
    - target: {fileID: 378977431501366100, guid: 708dc324e91e2b540982a7d591d54205, type: 3}
      propertyPath: m_AnchorMin.y
      value: 0
      objectReference: {fileID: 0}
    - target: {fileID: 378977431501366100, guid: 708dc324e91e2b540982a7d591d54205, type: 3}
      propertyPath: m_LocalPosition.x
      value: 0
      objectReference: {fileID: 0}
    - target: {fileID: 378977431501366100, guid: 708dc324e91e2b540982a7d591d54205, type: 3}
      propertyPath: m_LocalPosition.y
      value: 0
      objectReference: {fileID: 0}
    - target: {fileID: 378977431501366100, guid: 708dc324e91e2b540982a7d591d54205, type: 3}
      propertyPath: m_LocalPosition.z
      value: 0
      objectReference: {fileID: 0}
    - target: {fileID: 378977431501366100, guid: 708dc324e91e2b540982a7d591d54205, type: 3}
      propertyPath: m_LocalRotation.w
      value: 1
      objectReference: {fileID: 0}
    - target: {fileID: 378977431501366100, guid: 708dc324e91e2b540982a7d591d54205, type: 3}
      propertyPath: m_LocalRotation.x
      value: -0
      objectReference: {fileID: 0}
    - target: {fileID: 378977431501366100, guid: 708dc324e91e2b540982a7d591d54205, type: 3}
      propertyPath: m_LocalRotation.y
      value: -0
      objectReference: {fileID: 0}
    - target: {fileID: 378977431501366100, guid: 708dc324e91e2b540982a7d591d54205, type: 3}
      propertyPath: m_LocalRotation.z
      value: -0
      objectReference: {fileID: 0}
    - target: {fileID: 378977431501366100, guid: 708dc324e91e2b540982a7d591d54205, type: 3}
      propertyPath: m_AnchoredPosition.x
      value: 0
      objectReference: {fileID: 0}
    - target: {fileID: 378977431501366100, guid: 708dc324e91e2b540982a7d591d54205, type: 3}
      propertyPath: m_AnchoredPosition.y
      value: 0
      objectReference: {fileID: 0}
    - target: {fileID: 378977431501366100, guid: 708dc324e91e2b540982a7d591d54205, type: 3}
      propertyPath: m_LocalEulerAnglesHint.x
      value: 0
      objectReference: {fileID: 0}
    - target: {fileID: 378977431501366100, guid: 708dc324e91e2b540982a7d591d54205, type: 3}
      propertyPath: m_LocalEulerAnglesHint.y
      value: 0
      objectReference: {fileID: 0}
    - target: {fileID: 378977431501366100, guid: 708dc324e91e2b540982a7d591d54205, type: 3}
      propertyPath: m_LocalEulerAnglesHint.z
      value: -231
      objectReference: {fileID: 0}
    - target: {fileID: 1153694752397763525, guid: 708dc324e91e2b540982a7d591d54205, type: 3}
      propertyPath: m_AnchorMax.y
      value: 1
      objectReference: {fileID: 0}
    - target: {fileID: 1153694752397763525, guid: 708dc324e91e2b540982a7d591d54205, type: 3}
      propertyPath: m_AnchorMin.y
      value: 1
      objectReference: {fileID: 0}
    - target: {fileID: 1153694752397763525, guid: 708dc324e91e2b540982a7d591d54205, type: 3}
      propertyPath: m_AnchoredPosition.x
      value: 140
      objectReference: {fileID: 0}
    - target: {fileID: 1153694752397763525, guid: 708dc324e91e2b540982a7d591d54205, type: 3}
      propertyPath: m_AnchoredPosition.y
      value: -40
      objectReference: {fileID: 0}
    - target: {fileID: 1492402448514073644, guid: 708dc324e91e2b540982a7d591d54205, type: 3}
      propertyPath: m_AnchorMax.y
      value: 1
      objectReference: {fileID: 0}
    - target: {fileID: 1492402448514073644, guid: 708dc324e91e2b540982a7d591d54205, type: 3}
      propertyPath: m_AnchorMin.y
      value: 1
      objectReference: {fileID: 0}
    - target: {fileID: 1492402448514073644, guid: 708dc324e91e2b540982a7d591d54205, type: 3}
      propertyPath: m_AnchoredPosition.x
      value: 40
      objectReference: {fileID: 0}
    - target: {fileID: 1492402448514073644, guid: 708dc324e91e2b540982a7d591d54205, type: 3}
      propertyPath: m_AnchoredPosition.y
      value: -40
      objectReference: {fileID: 0}
    - target: {fileID: 4705848982362897025, guid: 708dc324e91e2b540982a7d591d54205, type: 3}
      propertyPath: m_Name
      value: StoreItem (2)
      objectReference: {fileID: 0}
    m_RemovedComponents: []
  m_SourcePrefab: {fileID: 100100000, guid: 708dc324e91e2b540982a7d591d54205, type: 3}
--- !u!224 &4773916873586679545 stripped
RectTransform:
  m_CorrespondingSourceObject: {fileID: 378977431501366100, guid: 708dc324e91e2b540982a7d591d54205, type: 3}
  m_PrefabInstance: {fileID: 5116715817318743469}
  m_PrefabAsset: {fileID: 0}
--- !u!114 &2272828079337892502 stripped
MonoBehaviour:
  m_CorrespondingSourceObject: {fileID: 6379503858272442171, guid: 708dc324e91e2b540982a7d591d54205, type: 3}
  m_PrefabInstance: {fileID: 5116715817318743469}
  m_PrefabAsset: {fileID: 0}
  m_GameObject: {fileID: 0}
  m_Enabled: 1
  m_EditorHideFlags: 0
  m_Script: {fileID: 11500000, guid: f4688fdb7df04437aeb418b961361dc5, type: 3}
  m_Name: 
  m_EditorClassIdentifier: 
--- !u!114 &7283821013339092644 stripped
MonoBehaviour:
  m_CorrespondingSourceObject: {fileID: 2456552466343119625, guid: 708dc324e91e2b540982a7d591d54205, type: 3}
  m_PrefabInstance: {fileID: 5116715817318743469}
  m_PrefabAsset: {fileID: 0}
  m_GameObject: {fileID: 0}
  m_Enabled: 1
  m_EditorHideFlags: 0
  m_Script: {fileID: 11500000, guid: fe87c0e1cc204ed48ad3b37840f39efc, type: 3}
  m_Name: 
  m_EditorClassIdentifier: 
--- !u!114 &6536023604610148974 stripped
MonoBehaviour:
  m_CorrespondingSourceObject: {fileID: 2141082548728289219, guid: 708dc324e91e2b540982a7d591d54205, type: 3}
  m_PrefabInstance: {fileID: 5116715817318743469}
  m_PrefabAsset: {fileID: 0}
  m_GameObject: {fileID: 0}
  m_Enabled: 1
  m_EditorHideFlags: 0
  m_Script: {fileID: 11500000, guid: f4688fdb7df04437aeb418b961361dc5, type: 3}
  m_Name: 
  m_EditorClassIdentifier: 
--- !u!1001 &5527582325609944466
PrefabInstance:
  m_ObjectHideFlags: 0
  serializedVersion: 2
  m_Modification:
    m_TransformParent: {fileID: 5685806996199507394}
    m_Modifications:
    - target: {fileID: 378977431501366100, guid: 708dc324e91e2b540982a7d591d54205, type: 3}
      propertyPath: m_Pivot.x
      value: 0.5
      objectReference: {fileID: 0}
    - target: {fileID: 378977431501366100, guid: 708dc324e91e2b540982a7d591d54205, type: 3}
      propertyPath: m_Pivot.y
      value: 0.5
      objectReference: {fileID: 0}
    - target: {fileID: 378977431501366100, guid: 708dc324e91e2b540982a7d591d54205, type: 3}
      propertyPath: m_RootOrder
      value: 2
      objectReference: {fileID: 0}
    - target: {fileID: 378977431501366100, guid: 708dc324e91e2b540982a7d591d54205, type: 3}
      propertyPath: m_AnchorMax.x
      value: 0
      objectReference: {fileID: 0}
    - target: {fileID: 378977431501366100, guid: 708dc324e91e2b540982a7d591d54205, type: 3}
      propertyPath: m_AnchorMax.y
      value: 0
      objectReference: {fileID: 0}
    - target: {fileID: 378977431501366100, guid: 708dc324e91e2b540982a7d591d54205, type: 3}
      propertyPath: m_AnchorMin.x
      value: 0
      objectReference: {fileID: 0}
    - target: {fileID: 378977431501366100, guid: 708dc324e91e2b540982a7d591d54205, type: 3}
      propertyPath: m_AnchorMin.y
      value: 0
      objectReference: {fileID: 0}
    - target: {fileID: 378977431501366100, guid: 708dc324e91e2b540982a7d591d54205, type: 3}
      propertyPath: m_LocalPosition.x
      value: 0
      objectReference: {fileID: 0}
    - target: {fileID: 378977431501366100, guid: 708dc324e91e2b540982a7d591d54205, type: 3}
      propertyPath: m_LocalPosition.y
      value: 0
      objectReference: {fileID: 0}
    - target: {fileID: 378977431501366100, guid: 708dc324e91e2b540982a7d591d54205, type: 3}
      propertyPath: m_LocalPosition.z
      value: 0
      objectReference: {fileID: 0}
    - target: {fileID: 378977431501366100, guid: 708dc324e91e2b540982a7d591d54205, type: 3}
      propertyPath: m_LocalRotation.w
      value: 1
      objectReference: {fileID: 0}
    - target: {fileID: 378977431501366100, guid: 708dc324e91e2b540982a7d591d54205, type: 3}
      propertyPath: m_LocalRotation.x
      value: -0
      objectReference: {fileID: 0}
    - target: {fileID: 378977431501366100, guid: 708dc324e91e2b540982a7d591d54205, type: 3}
      propertyPath: m_LocalRotation.y
      value: -0
      objectReference: {fileID: 0}
    - target: {fileID: 378977431501366100, guid: 708dc324e91e2b540982a7d591d54205, type: 3}
      propertyPath: m_LocalRotation.z
      value: -0
      objectReference: {fileID: 0}
    - target: {fileID: 378977431501366100, guid: 708dc324e91e2b540982a7d591d54205, type: 3}
      propertyPath: m_AnchoredPosition.x
      value: 0
      objectReference: {fileID: 0}
    - target: {fileID: 378977431501366100, guid: 708dc324e91e2b540982a7d591d54205, type: 3}
      propertyPath: m_AnchoredPosition.y
      value: 0
      objectReference: {fileID: 0}
    - target: {fileID: 378977431501366100, guid: 708dc324e91e2b540982a7d591d54205, type: 3}
      propertyPath: m_LocalEulerAnglesHint.x
      value: 0
      objectReference: {fileID: 0}
    - target: {fileID: 378977431501366100, guid: 708dc324e91e2b540982a7d591d54205, type: 3}
      propertyPath: m_LocalEulerAnglesHint.y
      value: 0
      objectReference: {fileID: 0}
    - target: {fileID: 378977431501366100, guid: 708dc324e91e2b540982a7d591d54205, type: 3}
      propertyPath: m_LocalEulerAnglesHint.z
      value: -231
      objectReference: {fileID: 0}
    - target: {fileID: 1153694752397763525, guid: 708dc324e91e2b540982a7d591d54205, type: 3}
      propertyPath: m_AnchorMax.y
      value: 1
      objectReference: {fileID: 0}
    - target: {fileID: 1153694752397763525, guid: 708dc324e91e2b540982a7d591d54205, type: 3}
      propertyPath: m_AnchorMin.y
      value: 1
      objectReference: {fileID: 0}
    - target: {fileID: 1153694752397763525, guid: 708dc324e91e2b540982a7d591d54205, type: 3}
      propertyPath: m_AnchoredPosition.x
      value: 140
      objectReference: {fileID: 0}
    - target: {fileID: 1153694752397763525, guid: 708dc324e91e2b540982a7d591d54205, type: 3}
      propertyPath: m_AnchoredPosition.y
      value: -40
      objectReference: {fileID: 0}
    - target: {fileID: 1492402448514073644, guid: 708dc324e91e2b540982a7d591d54205, type: 3}
      propertyPath: m_AnchorMax.y
      value: 1
      objectReference: {fileID: 0}
    - target: {fileID: 1492402448514073644, guid: 708dc324e91e2b540982a7d591d54205, type: 3}
      propertyPath: m_AnchorMin.y
      value: 1
      objectReference: {fileID: 0}
    - target: {fileID: 1492402448514073644, guid: 708dc324e91e2b540982a7d591d54205, type: 3}
      propertyPath: m_AnchoredPosition.x
      value: 40
      objectReference: {fileID: 0}
    - target: {fileID: 1492402448514073644, guid: 708dc324e91e2b540982a7d591d54205, type: 3}
      propertyPath: m_AnchoredPosition.y
      value: -40
      objectReference: {fileID: 0}
    - target: {fileID: 4705848982362897025, guid: 708dc324e91e2b540982a7d591d54205, type: 3}
      propertyPath: m_Name
      value: StoreItem
      objectReference: {fileID: 0}
    m_RemovedComponents: []
  m_SourcePrefab: {fileID: 100100000, guid: 708dc324e91e2b540982a7d591d54205, type: 3}
--- !u!224 &5329886060043450054 stripped
RectTransform:
  m_CorrespondingSourceObject: {fileID: 378977431501366100, guid: 708dc324e91e2b540982a7d591d54205, type: 3}
  m_PrefabInstance: {fileID: 5527582325609944466}
  m_PrefabAsset: {fileID: 0}
--- !u!114 &1458434155840094889 stripped
MonoBehaviour:
  m_CorrespondingSourceObject: {fileID: 6379503858272442171, guid: 708dc324e91e2b540982a7d591d54205, type: 3}
  m_PrefabInstance: {fileID: 5527582325609944466}
  m_PrefabAsset: {fileID: 0}
  m_GameObject: {fileID: 0}
  m_Enabled: 1
  m_EditorHideFlags: 0
  m_Script: {fileID: 11500000, guid: f4688fdb7df04437aeb418b961361dc5, type: 3}
  m_Name: 
  m_EditorClassIdentifier: 
--- !u!114 &7972083434493877915 stripped
MonoBehaviour:
  m_CorrespondingSourceObject: {fileID: 2456552466343119625, guid: 708dc324e91e2b540982a7d591d54205, type: 3}
  m_PrefabInstance: {fileID: 5527582325609944466}
  m_PrefabAsset: {fileID: 0}
  m_GameObject: {fileID: 0}
  m_Enabled: 1
  m_EditorHideFlags: 0
  m_Script: {fileID: 11500000, guid: fe87c0e1cc204ed48ad3b37840f39efc, type: 3}
  m_Name: 
  m_EditorClassIdentifier: 
--- !u!114 &5837595223765123665 stripped
MonoBehaviour:
  m_CorrespondingSourceObject: {fileID: 2141082548728289219, guid: 708dc324e91e2b540982a7d591d54205, type: 3}
  m_PrefabInstance: {fileID: 5527582325609944466}
  m_PrefabAsset: {fileID: 0}
  m_GameObject: {fileID: 0}
  m_Enabled: 1
  m_EditorHideFlags: 0
  m_Script: {fileID: 11500000, guid: f4688fdb7df04437aeb418b961361dc5, type: 3}
  m_Name: 
  m_EditorClassIdentifier: 
--- !u!1001 &6658030483711873641
PrefabInstance:
  m_ObjectHideFlags: 0
  serializedVersion: 2
  m_Modification:
    m_TransformParent: {fileID: 5685806996199507394}
    m_Modifications:
    - target: {fileID: 378977431501366100, guid: 708dc324e91e2b540982a7d591d54205, type: 3}
      propertyPath: m_Pivot.x
      value: 0.5
      objectReference: {fileID: 0}
    - target: {fileID: 378977431501366100, guid: 708dc324e91e2b540982a7d591d54205, type: 3}
      propertyPath: m_Pivot.y
      value: 0.5
      objectReference: {fileID: 0}
    - target: {fileID: 378977431501366100, guid: 708dc324e91e2b540982a7d591d54205, type: 3}
      propertyPath: m_RootOrder
      value: 5
      objectReference: {fileID: 0}
    - target: {fileID: 378977431501366100, guid: 708dc324e91e2b540982a7d591d54205, type: 3}
      propertyPath: m_AnchorMax.x
      value: 0
      objectReference: {fileID: 0}
    - target: {fileID: 378977431501366100, guid: 708dc324e91e2b540982a7d591d54205, type: 3}
      propertyPath: m_AnchorMax.y
      value: 0
      objectReference: {fileID: 0}
    - target: {fileID: 378977431501366100, guid: 708dc324e91e2b540982a7d591d54205, type: 3}
      propertyPath: m_AnchorMin.x
      value: 0
      objectReference: {fileID: 0}
    - target: {fileID: 378977431501366100, guid: 708dc324e91e2b540982a7d591d54205, type: 3}
      propertyPath: m_AnchorMin.y
      value: 0
      objectReference: {fileID: 0}
    - target: {fileID: 378977431501366100, guid: 708dc324e91e2b540982a7d591d54205, type: 3}
      propertyPath: m_LocalPosition.x
      value: 0
      objectReference: {fileID: 0}
    - target: {fileID: 378977431501366100, guid: 708dc324e91e2b540982a7d591d54205, type: 3}
      propertyPath: m_LocalPosition.y
      value: 0
      objectReference: {fileID: 0}
    - target: {fileID: 378977431501366100, guid: 708dc324e91e2b540982a7d591d54205, type: 3}
      propertyPath: m_LocalPosition.z
      value: 0
      objectReference: {fileID: 0}
    - target: {fileID: 378977431501366100, guid: 708dc324e91e2b540982a7d591d54205, type: 3}
      propertyPath: m_LocalRotation.w
      value: 1
      objectReference: {fileID: 0}
    - target: {fileID: 378977431501366100, guid: 708dc324e91e2b540982a7d591d54205, type: 3}
      propertyPath: m_LocalRotation.x
      value: -0
      objectReference: {fileID: 0}
    - target: {fileID: 378977431501366100, guid: 708dc324e91e2b540982a7d591d54205, type: 3}
      propertyPath: m_LocalRotation.y
      value: -0
      objectReference: {fileID: 0}
    - target: {fileID: 378977431501366100, guid: 708dc324e91e2b540982a7d591d54205, type: 3}
      propertyPath: m_LocalRotation.z
      value: -0
      objectReference: {fileID: 0}
    - target: {fileID: 378977431501366100, guid: 708dc324e91e2b540982a7d591d54205, type: 3}
      propertyPath: m_AnchoredPosition.x
      value: 0
      objectReference: {fileID: 0}
    - target: {fileID: 378977431501366100, guid: 708dc324e91e2b540982a7d591d54205, type: 3}
      propertyPath: m_AnchoredPosition.y
      value: 0
      objectReference: {fileID: 0}
    - target: {fileID: 378977431501366100, guid: 708dc324e91e2b540982a7d591d54205, type: 3}
      propertyPath: m_LocalEulerAnglesHint.x
      value: 0
      objectReference: {fileID: 0}
    - target: {fileID: 378977431501366100, guid: 708dc324e91e2b540982a7d591d54205, type: 3}
      propertyPath: m_LocalEulerAnglesHint.y
      value: 0
      objectReference: {fileID: 0}
    - target: {fileID: 378977431501366100, guid: 708dc324e91e2b540982a7d591d54205, type: 3}
      propertyPath: m_LocalEulerAnglesHint.z
      value: -231
      objectReference: {fileID: 0}
    - target: {fileID: 1153694752397763525, guid: 708dc324e91e2b540982a7d591d54205, type: 3}
      propertyPath: m_AnchorMax.y
      value: 1
      objectReference: {fileID: 0}
    - target: {fileID: 1153694752397763525, guid: 708dc324e91e2b540982a7d591d54205, type: 3}
      propertyPath: m_AnchorMin.y
      value: 1
      objectReference: {fileID: 0}
    - target: {fileID: 1153694752397763525, guid: 708dc324e91e2b540982a7d591d54205, type: 3}
      propertyPath: m_AnchoredPosition.x
      value: 140
      objectReference: {fileID: 0}
    - target: {fileID: 1153694752397763525, guid: 708dc324e91e2b540982a7d591d54205, type: 3}
      propertyPath: m_AnchoredPosition.y
      value: -40
      objectReference: {fileID: 0}
    - target: {fileID: 1492402448514073644, guid: 708dc324e91e2b540982a7d591d54205, type: 3}
      propertyPath: m_AnchorMax.y
      value: 1
      objectReference: {fileID: 0}
    - target: {fileID: 1492402448514073644, guid: 708dc324e91e2b540982a7d591d54205, type: 3}
      propertyPath: m_AnchorMin.y
      value: 1
      objectReference: {fileID: 0}
    - target: {fileID: 1492402448514073644, guid: 708dc324e91e2b540982a7d591d54205, type: 3}
      propertyPath: m_AnchoredPosition.x
      value: 40
      objectReference: {fileID: 0}
    - target: {fileID: 1492402448514073644, guid: 708dc324e91e2b540982a7d591d54205, type: 3}
      propertyPath: m_AnchoredPosition.y
      value: -40
      objectReference: {fileID: 0}
    - target: {fileID: 4705848982362897025, guid: 708dc324e91e2b540982a7d591d54205, type: 3}
      propertyPath: m_Name
      value: StoreItem (3)
      objectReference: {fileID: 0}
    m_RemovedComponents: []
  m_SourcePrefab: {fileID: 100100000, guid: 708dc324e91e2b540982a7d591d54205, type: 3}
--- !u!224 &6423389285157253437 stripped
RectTransform:
  m_CorrespondingSourceObject: {fileID: 378977431501366100, guid: 708dc324e91e2b540982a7d591d54205, type: 3}
  m_PrefabInstance: {fileID: 6658030483711873641}
  m_PrefabAsset: {fileID: 0}
--- !u!114 &355396824905696594 stripped
MonoBehaviour:
  m_CorrespondingSourceObject: {fileID: 6379503858272442171, guid: 708dc324e91e2b540982a7d591d54205, type: 3}
  m_PrefabInstance: {fileID: 6658030483711873641}
  m_PrefabAsset: {fileID: 0}
  m_GameObject: {fileID: 0}
  m_Enabled: 1
  m_EditorHideFlags: 0
  m_Script: {fileID: 11500000, guid: f4688fdb7df04437aeb418b961361dc5, type: 3}
  m_Name: 
  m_EditorClassIdentifier: 
--- !u!114 &9111202064261945696 stripped
MonoBehaviour:
  m_CorrespondingSourceObject: {fileID: 2456552466343119625, guid: 708dc324e91e2b540982a7d591d54205, type: 3}
  m_PrefabInstance: {fileID: 6658030483711873641}
  m_PrefabAsset: {fileID: 0}
  m_GameObject: {fileID: 0}
  m_Enabled: 1
  m_EditorHideFlags: 0
  m_Script: {fileID: 11500000, guid: fe87c0e1cc204ed48ad3b37840f39efc, type: 3}
  m_Name: 
  m_EditorClassIdentifier: 
--- !u!114 &4742488633563579818 stripped
MonoBehaviour:
  m_CorrespondingSourceObject: {fileID: 2141082548728289219, guid: 708dc324e91e2b540982a7d591d54205, type: 3}
  m_PrefabInstance: {fileID: 6658030483711873641}
  m_PrefabAsset: {fileID: 0}
  m_GameObject: {fileID: 0}
  m_Enabled: 1
  m_EditorHideFlags: 0
  m_Script: {fileID: 11500000, guid: f4688fdb7df04437aeb418b961361dc5, type: 3}
  m_Name: 
  m_EditorClassIdentifier: 
